<record><leader>00000cas a2200000 i 4500</leader><controlfield tag="001">966643684</controlfield><controlfield tag="008">161221d18901948pr dn neo     0   b0spa  </controlfield><datafield ind1=" " ind2=" " tag="010"><subfield code="a">  2016271270</subfield></datafield><datafield ind1=" " ind2=" " tag="040"><subfield code="a">DLC</subfield><subfield code="b">eng</subfield><subfield code="e">rda</subfield><subfield code="c">DLC</subfield><subfield code="d">OCLCA</subfield></datafield><datafield ind1="0" ind2=" " tag="022"><subfield code="a">2475-448X</subfield><subfield code="2">1</subfield></datafield><datafield ind1=" " ind2=" " tag="042"><subfield code="a">pcc</subfield><subfield code="a">nsdp</subfield></datafield><datafield ind1=" " ind2=" " tag="043"><subfield code="a">nwpr---</subfield></datafield><datafield ind1="1" ind2="0" tag="050"><subfield code="a">ISSN RECORD</subfield></datafield><datafield ind1="1" ind2="0" tag="082"><subfield code="a">071</subfield><subfield code="2">23</subfield></datafield><datafield ind1="0" ind2=" " tag="130"><subfield code="a">Democracia (Ponce, P.R.)</subfield></datafield><datafield ind1=" " ind2="3" tag="222"><subfield code="a">La democracia</subfield><subfield code="b">(Ponce, P.R. Online)</subfield></datafield><datafield ind1="1" ind2="3" tag="245"><subfield code="a">La democracia.</subfield></datafield><datafield ind1=" " ind2="1" tag="264"><subfield code="a">Ponce (Puerto Rico) :</subfield><subfield code="b">Imprenta El Vapor</subfield></datafield><datafield ind1=" " ind2=" " tag="300"><subfield code="a">1 online resource</subfield></datafield><datafield ind1=" " ind2=" " tag="310"><subfield code="a">Daily (except Sun.),</subfield><subfield code="b">May 1, 1893-Oct. 15, 1948</subfield></datafield><datafield ind1=" " ind2=" " tag="321"><subfield code="a">Triweekly,</subfield><subfield code="b">July 1, 1890-Apr. 1893</subfield></datafield><datafield ind1=" " ind2=" " tag="336"><subfield code="a">text</subfield><subfield code="b">txt</subfield><subfield code="2">rdacontent</subfield></datafield><datafield ind1=" " ind2=" " tag="337"><subfield code="a">computer</subfield><subfield code="b">c</subfield><subfield code="2">rdamedia</subfield></datafield><datafield ind1=" " ind2=" " tag="338"><subfield code="a">online resource</subfield><subfield code="b">cr</subfield><subfield code="2">rdacarrier</subfield></datafield><datafield ind1="1" ind2=" " tag="362"><subfield code="a">Began with julio 1, 1890 issue; ceased with octubre 15, 1948 issue.</subfield></datafield><datafield ind1=" " ind2=" " tag="500"><subfield code="a">"Diario de la tarde."</subfield></datafield><datafield ind1=" " ind2=" " tag="500"><subfield code="a">"Decano de la prensa puertorriquen&#771;a."</subfield></datafield><datafield ind1=" " ind2=" " tag="500"><subfield code="a">"Diario liberal autonomista."</subfield></datafield><datafield ind1=" " ind2=" " tag="500"><subfield code="a">"La Democracia apraecio&#769; in 1890 en Ponce, en San Juan y en Caguas, y desde su fundacio&#769;n tuvo que responder a 42 procesos judiciales por motivos poli&#769;ticos." Cf. Beni&#769;tez, Jose&#769; Antonio, "Los Ori&#769;genes del periodismo en nuestra Ame&#769;rica," Buenos Aires: Grupo Editorial Lumen, 2000.</subfield></datafield><datafield ind1=" " ind2=" " tag="500"><subfield code="a">Place of publication varies: Ponce, July 1, 1890-Sept. 19, 1900; Caguas, Oct. 23, 1900-April 30, 1904; San Juan, July 1, 1904-</subfield></datafield><datafield ind1=" " ind2=" " tag="500"><subfield code="a">Published by Imprenta El Vapor, July 1, 1890-April 1892; Imprenta La Democracia, April 1892-</subfield></datafield><datafield ind1=" " ind2=" " tag="530"><subfield code="a">Also issued on microfilm from Library of Congress Photoduplication Service.</subfield></datafield><datafield ind1=" " ind2=" " tag="546"><subfield code="a">In Spanish.</subfield></datafield><datafield ind1=" " ind2=" " tag="588"><subfield code="a">Description based on: An&#771;o II, nu&#769;m. 159 (9 de julio de 1891); title from masthead (Chroniclingamerica.loc.gov, viewed December 21, 2016).</subfield></datafield><datafield ind1=" " ind2=" " tag="588"><subfield code="a">Latest issue consulted: An&#771;o VIII, nu&#769;m. 3483 (18 de noviembre, 1897) (Chroniclingamerica.loc.gov, viewed December 21, 2016).</subfield></datafield><datafield ind1=" " ind2="0" tag="651"><subfield code="a">Ponce (P.R.)</subfield><subfield code="v">Newspapers.</subfield></datafield><datafield ind1=" " ind2="0" tag="651"><subfield code="a">Puerto Rico</subfield><subfield code="v">Newspapers.</subfield></datafield><datafield ind1=" " ind2="0" tag="651"><subfield code="a">San Juan (P.R.)</subfield><subfield code="v">Newspapers.</subfield></datafield><datafield ind1=" " ind2="0" tag="651"><subfield code="a">Caguas (P.R.)</subfield><subfield code="v">Newspapers.</subfield></datafield><datafield ind1=" " ind2="7" tag="651"><subfield code="a">Puerto Rico.</subfield><subfield code="2">fast</subfield><subfield code="0">(OCoLC)fst01205432</subfield></datafield><datafield ind1=" " ind2="7" tag="651"><subfield code="a">Puerto Rico</subfield><subfield code="z">Caguas.</subfield><subfield code="2">fast</subfield><subfield code="0">(OCoLC)fst01218533</subfield></datafield><datafield ind1=" " ind2="7" tag="651"><subfield code="a">Puerto Rico</subfield><subfield code="z">Ponce.</subfield><subfield code="2">fast</subfield><subfield code="0">(OCoLC)fst01206019</subfield></datafield><datafield ind1=" " ind2="7" tag="651"><subfield code="a">Puerto Rico</subfield><subfield code="z">San Juan.</subfield><subfield code="2">fast</subfield><subfield code="0">(OCoLC)fst01214595</subfield></datafield><datafield ind1=" " ind2="7" tag="655"><subfield code="a">Newspapers.</subfield><subfield code="2">fast</subfield><subfield code="0">(OCoLC)fst01423814</subfield></datafield><datafield ind1=" " ind2=" " tag="752"><subfield code="a">United States</subfield><subfield code="b">Puerto Rico</subfield><subfield code="d">San Juan.</subfield></datafield><datafield ind1=" " ind2=" " tag="752"><subfield code="a">United States</subfield><subfield code="b">Puerto Rico</subfield><subfield code="d">Caguas.</subfield></datafield><datafield ind1=" " ind2=" " tag="752"><subfield code="a">United States</subfield><subfield code="b">Puerto Rico</subfield><subfield code="d">Ponce.</subfield></datafield><datafield ind1="0" ind2="8" tag="776"><subfield code="i">Originally issued in print:</subfield><subfield code="t">Democracia (Ponce, P.R. : 1890)</subfield><subfield code="x">2475-4471</subfield><subfield code="w">(DLC)sn 90070270</subfield><subfield code="w">(OCoLC)22865427</subfield></datafield><datafield ind1="0" ind2="0" tag="785"><subfield code="t">Diario de Puerto Rico</subfield></datafield><datafield ind1="4" ind2="0" tag="856"><subfield code="u">http://chroniclingamerica.loc.gov/lccn/sn90070270/issues/</subfield></datafield></record>